@inproceedings{ynot:icfp,
 author = {Aleksandar Nanevski and Greg Morrisett and Avraham Shinnar and Paul Govereau and Lars Birkedal},
 title = {Ynot: dependent types for imperative programs},
 booktitle = {ICFP '08: Proceeding of the 13th ACM SIGPLAN international conference on Functional programming},
 year = {2008},
 isbn = {978-1-59593-919-7},
 pages = {229--240},
 location = {Victoria, BC, Canada},
 doi = {http://doi.acm.org/10.1145/1411204.1411237},
 publisher = {ACM},
 address = {New York, NY, USA},
 }

@article{jahob,
 author = {Karen Zee and Viktor Kuncak and Martin Rinard},
 title = {Full functional verification of linked data structures},
 journal = {SIGPLAN Not.},
 volume = {43},
 number = {6},
 year = {2008},
 issn = {0362-1340},
 pages = {349--361},
 doi = {http://doi.acm.org/10.1145/1379022.1375624},
 publisher = {ACM},
 address = {New York, NY, USA},
 }


@article{htt,
 author = {Aleksandar Nanevski and Greg Morrisett and Lars Birkedal},
 title = {Polymorphism and separation in hoare type theory},
 journal = {SIGPLAN Not.},
 volume = {41},
 number = {9},
 year = {2006},
 issn = {0362-1340},
 pages = {62--73},
 doi = {http://doi.acm.org/10.1145/1160074.1159812},
 publisher = {ACM},
 address = {New York, NY, USA},
 }

@Article{smallfoot,
  author = 	 {Josh Berdine and Cristiano Calcagno and Peter W. O'Hearn},
  title = 	 {Smallfoot: Modular Automatic Assertion Checking with Separation Logic},
  journal = 	 {Lecture Notes in Computer Science},
  publisher =    {Springer Berlin/Heidelberg},
  volume =       {4111/2006},
  book =         {Formal Methods for Components and Objects},
  pages =        {115-137},
  year = 	 {2006}
}

